<?xml version="1.0" encoding="UTF-8"?><collection xmlns="http://www.loc.gov/MARC21/slim"><record><leader>00613nam--2200205-u-4500</leader><controlfield tag="001">000053332</controlfield><controlfield tag="002">20161230</controlfield><controlfield tag="005">20161230201051</controlfield><controlfield tag="008">110314s1000------------r-----000-0-eng-d</controlfield><datafield ind1=" " ind2=" " tag="020"><subfield code="a">0750306270</subfield></datafield><datafield ind1=" " ind2=" " tag="040"><subfield code="a">IFIN-HH</subfield></datafield><datafield ind1=" " ind2=" " tag="080"><subfield code="a">536.7:530.14:523</subfield></datafield><datafield ind1="1" ind2=" " tag="100"><subfield code="a">Fre, P</subfield></datafield><datafield ind1="1" ind2="0" tag="245"><subfield code="a">Classical and quantum black holes</subfield><subfield code="c">P. fre; v. gorini; g. magli; u. moschella (eds.)</subfield></datafield><datafield ind1=" " ind2=" " tag="260"><subfield code="a">Bristol</subfield><subfield code="b">Insitutute Of Physics Publishing</subfield><subfield code="c">1999</subfield></datafield><datafield ind1=" " ind2=" " tag="300"><subfield code="a">348P</subfield></datafield><datafield ind1=" " ind2=" " tag="490"><subfield code="a">Studies In High Energy Physics, Cosmology And Gravitation</subfield></datafield><datafield ind1="1" ind2=" " tag="700"><subfield code="a">Moschella, U</subfield><subfield code="e">Ed</subfield></datafield><datafield ind1=" " ind2=" " tag="852"><subfield code="a">81394</subfield><subfield code="c">523</subfield></datafield><datafield ind1=" " ind2=" " tag="CAT"><subfield code="a">Sys</subfield><subfield code="c">20141210</subfield><subfield code="h">160701</subfield></datafield></record></collection>